@inproceedings{no_more_gotos,
	title     = {No More Gotos: Decompilation Using Pattern-Independent Control-Flow Structuring and Semantics-Preserving Transformations},
	author    = {Yakdan, Khaled and Eschweiler, Sebastian and Gerhards-Padilla, Elmar and Smith, Matthew},
	year      = {2015},
}

@phdthesis{cifuentes_reverse_comp,
	title  = {Reverse Compilation Techniques},
	author = {Cifuentes, Cristina},
	year   = {1994},
	school = {Queensland University of Technology},
}
