@phdthesis{rev_comp,
	title={Reverse Compilation Techniques},
	author={Cifuentes, Cristina},
	year={1994},
	school={Queensland University of Technology},
	note={[Online] Available: \url{http://www.ci.tuwien.ac.at/~grill/decompilation_thesis.pdf}. [Accessed: 4 Oct, 2014]},
}

@mastersthesis{llvm_decomp,
	title={Decompilation of {LLVM IR}},
	author={Moll, Simon},
	year={2011},
	type={{B.S. Thesis}},
	school={Saarland University},
	note={[Online] Available: \url{http://www.cdl.uni-saarland.de/publications/theses/moll_bsc.pdf}. [Accessed: 4 Oct, 2014]},
}

@misc{lang_ref,
	title={{LLVM} Language Reference Manual},
	note={[Online] Available: \url{http://llvm.org/docs/LangRef.html}. [Accessed: 30 Sep, 2014]},
}
