@phdthesis{decomp_llvm,
	title={Decompilation of {LLVM IR}},
	author={Moll, Simon},
	year={2011},
	type={{BSc} thesis},
	school={Saarland University},
}
