@article{trusting_trust,
	title     = {Reflections on Trusting Trust},
	author    = {Thompson, Ken},
	journal   = {Communications of the ACM},
	volume    = {27},
	number    = {8},
	pages     = {761--763},
	year      = {1984},
	publisher = {ACM}
}

@phdthesis{cifuentes_reverse_comp,
	title  = {Reverse Compilation Techniques},
	author = {Cifuentes, Cristina},
	year   = {1994},
	school = {Queensland University of Technology},
}

@inproceedings{helping_johnny,
	title        = {Helping Johnny to Analyze Malware: A Usability-Optimized Decompiler and Malware Analysis User Study},
	author       = {Yakdan, Khaled and Dechand, Sergej and Gerhards-Padilla, Elmar and Smith, Matthew},
	booktitle    = {Security and Privacy (SP), 2016 IEEE Symposium on},
	pages        = {158--177},
	year         = {2016},
	organization = {IEEE},
	note         = {[Online] Available: \url{https://net.cs.uni-bonn.de/fileadmin/ag/martini/Staff/yakdan/dream_oakland2016.pdf}. [Accessed: 08 Jun 2017]},
}

@inproceedings{semantics_preserving_structural_analysis,
	title     = {Native x86 Decompilation using Semantics-Preserving Structural Analysis and Iterative Control-Flow Structuring},
	author    = {Schwartz, Edward J and Lee, JongHyup and Woo, Maverick and Brumley, David},
	booktitle = {Proceedings of the USENIX Security Symposium},
	volume    = {16},
	year      = {2013},
	note      = {[Online] Available: \url{https://www.usenix.org/system/files/conference/usenixsecurity13/sec13-paper_schwartz.pdf}. [Accessed: 08 Jun 2017]},
}

@inproceedings{no_more_gotos,
	title     = {No More Gotos: Decompilation Using Pattern-Independent Control-Flow Structuring and Semantics-Preserving Transformations},
	author    = {Yakdan, Khaled and Eschweiler, Sebastian and Gerhards-Padilla, Elmar and Smith, Matthew},
	booktitle = {NDSS},
	year      = {2015},
	note      = {[Online] Available: \url{https://net.cs.uni-bonn.de/fileadmin/ag/martini/Staff/yakdan/dream_ndss2015.pdf}. [Accessed: 08 Jun 2017]},
}

@mastersthesis{pdg_control_flow_analysis,
	title  = {{Matching of Control- and Data-Flow Constructs in Disassembled Code}},
	author = {Conradi, Tobias},
	year   = {2015},
	type   = {{BSc} thesis},
	school = {Hamburg University of Technology},
	note   = {[Online] Available: \url{https://www.sts.tuhh.de/pw-and-m-theses/2015/conradi15.pdf}. [Accessed: 08 Jun 2017]},
}

@mastersthesis{node_splitting,
	title  = {Decompilation of {LLVM IR}},
	author = {Moll, Simon},
	year   = {2011},
	type   = {{BSc} thesis},
	school = {Saarland University},
	note   = {[Online] Available: \url{http://www.cdl.uni-saarland.de/publications/theses/moll_bsc.pdf}. [Accessed: 08 Jun 2017]},
}

@article{interprocedural_control_flow_recovery,
	title     = {{Interprocedural Control Flow Reconstruction}},
	author    = {Flexeder, Andrea and Mihaila, Bogdan and Petter, Michael and Seidl, Helmut},
	journal   = {Programming Languages and Systems},
	pages     = {188--203},
	year      = {2010},
	publisher = {Springer},
	note      = {[Online] Available: \url{http://www2.in.tum.de/bib/files/Flexeder10Interprocedural.pdf}. [Accessed: 15 Aug 2017]},
}

@inproceedings{structuring_decompiled_graphs,
	title        = {{Structuring Decompiled Graphs}},
	author       = {Cifuentes, Cristina},
	booktitle    = {Compiler Construction},
	pages        = {91--105},
	year         = {1996},
	organization = {Springer},
	note         = {[Online] Available: \url{https://pdfs.semanticscholar.org/48bf/d31773af7b67f9d1b003b8b8ac889f08271f.pdf}. [Accessed: 15 Aug 2017]},
}

@inproceedings{structuring_algorithm_for_decompilation,
	title     = {{A Structuring Algorithm for Decompilation}},
	author    = {Cifuentes, Cristina},
	booktitle = {Proceedings of the XIX Conferencia Latinoamericana de Inform atica},
	pages     = {267--276},
	year      = {1993},
	note      = {[Online] Available: \url{https://pdfs.semanticscholar.org/e0c8/25644a0e85550da2bd4b4b1c1c7c7affc246.pdf}. [Accessed: 15 Aug 2017]},
}

@article{unravelling_unstructured_programs,
	title     = {{Unravelling Unstructured Programs}},
	author    = {Oulsnam, Gordon},
	journal   = {The Computer Journal},
	volume    = {25},
	number    = {3},
	pages     = {379--387},
	year      = {1982},
	publisher = {The British Computer Society},
	note      = {[Online] Available: \url{https://academic.oup.com/comjnl/article-pdf/25/3/379/1053480/25-3-379.pdf}. [Accessed: 15 Aug 2017]},
}

@article{algorithmic_transformation_of_schemas,
	title     = {{The Algorithmic Transformation of Schemas to Structured Form}},
	author    = {Oulsnam, Gordon},
	journal   = {The Computer Journal},
	volume    = {30},
	number    = {1},
	pages     = {43--51},
	year      = {1987},
	publisher = {Oxford University Press},
	note      = {[Online] Available: \url{https://academic.oup.com/comjnl/article-pdf/30/1/43/1137143/300043.pdf}. [Accessed: 15 Aug 2017]},
}

@inproceedings{flow_graph_reducibility,
	title        = {{Flow Graph Reducibility}},
	author       = {Hecht, Matthew S and Ullman, Jeffrey D},
	booktitle    = {Proceedings of the fourth annual ACM symposium on Theory of computing},
	pages        = {238--250},
	year         = {1972},
	organization = {ACM},
}

@article{characterizations_of_reducible_flow_graphs,
	title     = {{Characterizations of Reducible Flow Graphs}},
	author    = {Hecht, Matthew S and Ullman, Jeffrey D},
	journal   = {Journal of the ACM (JACM)},
	volume    = {21},
	number    = {3},
	pages     = {367--375},
	year      = {1974},
	publisher = {ACM},
}

@inproceedings{taming_control_flow,
	title        = {{Taming control flow: A structured approach to eliminating goto statements}},
	author       = {Erosa, Ana M and Hendren, Laurie J},
	booktitle    = {Computer Languages, 1994., Proceedings of the 1994 International Conference on},
	pages        = {229--240},
	year         = {1994},
	organization = {IEEE},
	note         = {[Online] Available: \url{https://www.researchgate.net/profile/Laurie_Hendren/publication/2609386_Taming_Control_Flow_A_Structured_Approach_to_Eliminating_Goto_Statements/links/556c638a08aeccd7773b2c49.pdf}. [Accessed: 15 Aug 2017]},
}

@article{formal_basis_for_removing_goto_statements,
	title     = {{A Formal Basis for Removing Goto Statements}},
	author    = {Pan, Si and Dromey, R. Geoff},
	journal   = {The Computer Journal},
	volume    = {39},
	number    = {3},
	pages     = {203--214},
	year      = {1996},
	publisher = {Oxford University Press},
	note      = {[Online] Available: \url{https://pdfs.semanticscholar.org/f1a6/242247c6ae2df38ac7608eab839e059abcd7.pdf}. [Accessed: 15 Aug 2017]},
}

@article{conversion_of_unstructured_flow_diagrams,
	title     = {Conversion of unstructured flow diagrams to structured form},
	author    = {Williams, M. Howard and Ossher, HL},
	journal   = {The Computer Journal},
	volume    = {21},
	number    = {2},
	pages     = {161--167},
	year      = {1978},
	publisher = {The British Computer Society},
	note      = {[Online] Available: \url{https://academic.oup.com/comjnl/article-pdf/21/2/161/1291112/21-2-161.pdf}. [Accessed: 15 Aug 2017]},
}

@inproceedings{new_structuring_algorithms,
	title        = {New algorithms for control-flow graph structuring},
	author       = {Moretti, Eric and Chanteperdrix, Gilles and Osorio, Angel},
	booktitle    = {Software Maintenance and Reengineering, 2001. Fifth European Conference on},
	pages        = {184--187},
	year         = {2001},
	organization = {IEEE},
}

@book{MoSCoW_analysis,
	title     = {{A Guide to the Business Analysis Body of Knowledger}},
	author    = {Kevin Brennan and others},
	year      = {2009},
	publisher = {Iiba},
}

@inproceedings{basic_concepts_of_control_flow_analysis,
	title        = {Control Flow Analysis},
	author       = {Allen, Frances E},
	booktitle    = {ACM Sigplan Notices},
	volume       = {5},
	number       = {7},
	pages        = {1--19},
	year         = {1970},
	organization = {ACM},
	note         = {[Online] Available: \url{http://www.cs.columbia.edu/~suman/secure_sw_devel/p1-allen.pdf}. [Accessed: 01 Feb 2018]},
}

@mastersthesis{compositional_decompilation,
	title  = {{Compositional Decompilation using LLVM IR}},
	author = {Eklind, Robin},
	year   = {2015},
	type   = {{BSc} thesis},
	school = {Uppsala University},
	note   = {[Online] Available: \url{http://urn.kb.se/resolve?urn=urn:nbn:se:uu:diva-279307}. [Accessed: 14 Mar 2018]},
}

@article{rosen_method,
	title={High-level data flow analysis},
	author={Rosen, Barry K},
	journal={Communications of the ACM},
	volume={20},
	number={10},
	pages={712--724},
	year={1977},
	publisher={ACM}
}

@book{advanced_compiler_design_implementation_book,
	title={Advanced compiler design implementation},
	author={Muchnick, Steven and others},
	year={1997},
	publisher={Morgan kaufmann}
}
