@mastersthesis{decomp_llvm,
	title={Decompilation of {LLVM IR}},
	author={Moll, Simon},
	year={2011},
	type={{BSc} thesis},
	school={Saarland University},
	note={[Online] Available: \url{http://www.cdl.uni-saarland.de/publications/theses/moll_bsc.pdf}. [Accessed: 4 Oct, 2014]},
}
